@misc{poelstra-taproot,
    title={{Taproot Security Proof}},
    author={Andrew Poelstra},
    howpublished={\url{https://github.com/apoelstra/taproot}},
    year={2018}
}

@article{schnorr-ggm,
  title={Hash function requirements for Schnorr signatures},
  author={Neven, Gregory and Smart, Nigel P and Warinschi, Bogdan},
  journal={Journal of Mathematical Cryptology},
  volume={3},
  number={1},
  pages={69--87},
  year={2009},
  publisher={Walter de Gruyter GmbH \& Co. KG}
}
